%% This BibTeX bibliography file was created using BibDesk.
%% https://bibdesk.sourceforge.io/

%% Created for Kevin Gao at 2021-12-26 02:48:11 -0600 


%% Saved with string encoding Unicode (UTF-8) 



@book{algodesign,
	author = {Jon Kleinberg and {\'E}va Tardos},
	edition = {1st},
	publisher = {Pearson},
	title = {Algorithm Design},
	year = {2005},
    isbn = {978-0321295354}
}

@misc{240,
	author = {Faith Ellen},
	note = {University of Toronto},
	title = {CSC240S1 Winter 2021},
	year = {2021}}

@misc{265,
	author = {Faith Ellen},
	note = {University of Toronto},
	title = {CSC265F1 Fall 2021},
	year = {2021}}

@misc{373-2020,
	author = {Allan Borodin and Sara Rahmati},
	note = {University of Toronto},
	title = {CSC373S1 Spring 2020},
	year = {2020}}

@misc{373-2011,
	author = {Allan Borodin},
	note = {University of Toronto},
	title = {CSC373S1 Spring 2011},
	year = {2011}}

@misc{364-2004,
	author = {Allan Borodin},
	note = {University of Toronto},
	title = {CSC364},
	year = {2004}}

@book{clrs,
	author = {Cormen, Thomas H. and Leiserson, Charles E. and Rivest, Ronald L. and Stein, Clifford},
	edition = {3rd},
	isbn = {0262033844},
	publisher = {The MIT Press},
	title = {Introduction to Algorithms, Third Edition},
	year = {2009}}

@book{jeff,
	author = {Erickson, Jeff},
	edition = {1st},
	isbn = {978-1792644832},
	title = {Algorithms},
	year = {2019}}

@misc{mit6006,
	author = {Erik Demaine and Srini Devadas},
	note = {Massachusetts Institute of Technology},
	title = {6.006 Introduction to Algorithms},
	year = {2011}}

@misc{mit6006-2021,
	author = {Karchmer, Mauricio and Natarajan, Anand and Shavit, Nir},
	note = {Massachusetts Institute of Technology},
	title = {6.006 Introduction to Algorithms},
	year = {2021}}

@misc{mit6046,
	author = {Demaine, Erik and Devadas, Srini and Lynch, Nancy},
	note = {Massachusetts Institute of Technology},
	title = {6.046J Design and Analysis of Algorithms},
	year = {2015}}


@article{borodin-priority,
	author = {Borodin, Allan and Nielsen, Morten N. and Rackoff, Charles},
	da = {2003/12/01},
	doi = {10.1007/s00453-003-1036-3},
	journal = {Algorithmica},
	number = {4},
	pages = {295--326},
	title = {(Incremental) Priority Algorithms},
	ty = {JOUR},
	volume = {37},
	year = {2003}
}
