@book{gusfield_1997, 
place={Cambridge}, 
title={Algorithms on Strings, Trees, and Sequences: Computer Science and Computational Biology}, 
DOI={10.1017/CBO9780511574931}, 
publisher={Cambridge University Press}, 
author={Gusfield, Dan}, 
year={1997}}

@book{makinen_belazzougui_cunial_tomescu_2015, 
place={Cambridge}, 
title={Genome-Scale Algorithm Design: Biological Sequence Analysis in the Era of High-Throughput Sequencing}, 
DOI={10.1017/CBO9781139940023}, 
publisher={Cambridge University Press}, 
author={MÃ¤kinen, Veli and Belazzougui, Djamal and Cunial, Fabio and Tomescu, Alexandru I.}, 
year={2015}}